<?xml version="1.0" encoding="UTF-8"?><collection xmlns="http://www.loc.gov/MARC21/slim"><record><leader>00420nam--2200157-i-4500</leader><controlfield tag="001">000003129</controlfield><controlfield tag="002">20161230</controlfield><controlfield tag="005">20170103235025</controlfield><controlfield tag="008">060222s1000------------r-----000-0-eng-d</controlfield><datafield ind1=" " ind2=" " tag="100"><subfield code="a">Arnoux, Alexandre</subfield></datafield><datafield ind1=" " ind2=" " tag="245"><subfield code="a">Connaissance de l electronique</subfield></datafield><datafield ind1=" " ind2=" " tag="260"><subfield code="a">Paris</subfield><subfield code="b">Editions Du Tamboutinaire</subfield><subfield code="c">1955</subfield></datafield><datafield ind1=" " ind2=" " tag="300"><subfield code="a">292 p.Cu Figuri + 8 F.Pl</subfield></datafield><datafield ind1=" " ind2=" " tag="700"><subfield code="a">Broglie, Louis De</subfield></datafield><datafield ind1=" " ind2=" " tag="852"><subfield code="a">11927</subfield></datafield><datafield ind1=" " ind2=" " tag="CAT"><subfield code="a">SYS</subfield><subfield code="c">20170103</subfield><subfield code="h">235025</subfield></datafield></record></collection>